@article{codd1970relational,
  title={A relational model of data for large shared data banks},
  author={Codd, Edgar F},
  journal={Communications of the ACM},
  volume=13,
  number=6,
  pages={377--387},
  year=1970,
  publisher={ACM}
}

@misc{strozziNoSQL,
  key={NoSQL},
  title={NoSQL - A non-SQL RDBMS},
  author={Carl Strozzi},
  note={\url{http://www.strozzi.it/cgi-bin/CSA/tw7/I/en_US/nosql}}
}

@article{goetz2000lucene,
  title={The Lucene search engine: Powerful, flexible, and free},
  author={Goetz, Brian},
  journal={JavaWorld. Available http://www.javaworld.com/javaworld/jw-09-2000/jw-0915-lucene.html},
  year={2000}
}